<?xml version="1.0" encoding="UTF-8"?><collection xmlns="http://www.loc.gov/MARC21/slim"><record><leader>00396nam--2200133-i-4500</leader><controlfield tag="001">000017890</controlfield><controlfield tag="002">20161230</controlfield><controlfield tag="005">20161230201032</controlfield><controlfield tag="008">060222s1000------------r-----000-0-eng-d</controlfield><datafield ind1=" " ind2=" " tag="080"><subfield code="a">22</subfield></datafield><datafield ind1=" " ind2=" " tag="100"><subfield code="a">Constant, Woodbridge F</subfield></datafield><datafield ind1=" " ind2=" " tag="245"><subfield code="a">Theoretical physics.mecanics of particles, rigid and elastic bodies, fluids, and heat flow</subfield></datafield><datafield ind1=" " ind2=" " tag="260"><subfield code="a">Cambridge, Addison-wesley, 1954.Xiv + 281 P</subfield></datafield><datafield ind1=" " ind2=" " tag="852"><subfield code="a">10576</subfield></datafield></record></collection>